%! Author = Josip
%! Date = 06/10/2022

